@article{hall2019oil,
  title={Federal Regulations and U.S. Energy Sector Output},
  author={Hall, Joshua and Shakya, Shishir},
  journal={Oil, Gas, & Energy Quarterly},
  volume={68},
  number={2},
  year={2019},
  pages={229--241}
}
