@article{Hall2020AntiFracking,
author = {Hall, Joshua C. and Scarcioffolo, Alexandre R. and Shakya, Shishir},
title = {{The Political Economy of Vermontâ€™s Anti-fracking Movement}},
journal = { Journal of Public Finance and Public Choice},
year  = {2020},
publisher = {Bristol University Press},
doi = {10.1332/251569120X15814140463976},
URL = {https://doi.org/10.1332/251569120X15814140463976},
eprint = { https://doi.org/10.1332/251569120X15814140463976}
}


