@article{Ismailova2020Lumber,
url = {http://dx.doi.org/10.1561/112.00000519},
year = {2020},
volume = {35},
journal = {Journal of Forest Economics},
title = {{Quantifying the Announcement Effects in the U.S. Lumber Futures Market}},
doi = {10.1561/112.00000519},
issn = {1104-6899},
number = {4},
pages = {375-395},
author = {Zarina Ismailova and Xiaoli Etienne and Shishir Shakya and Fabio Mattos}
}