@article{ShakyaPlemmons2020StartUp,
	journal={Journal of Regional Analysis \& Policy},
	number=1,
	publisher={Mid-Continent Regional Science Association},
	title={The Impact of Economic Freedom on Startups},
	volume=51,
	author={Shakya, Shishir and Plemmons, Alicia},
	pages={29--42},
	date={2021-01-25},
	year=2021,
	month=1,
	day=25
}