@TechReport{ShakyaPlemmons2020PCGAP,
author = {Shakya, Shishir and Plemmons, Alicia},
type = {Working Paper},
title = {{Can Productivity Spillovers Explain the Productivity-Compensation Gap}},
url = {https://shishirshakya.github.io/files/Papers/Can_Productivity_Spillovers_Explain_the_Productivity_Compensation_Gap_.pdf},
year = {2020}
}