@article{Shakya2020NurseMobility,
author = {Shishir   Shakya  and  Alicia Plemmons},
title = {{Does Scope of Practice Affect Mobility of Nurse Practitioners Serving Medicare Beneficiaries?}},
journal = {Journal of Labor Research},
year  = {2020},
publisher = {Springer},
issue = {4},
volume = {41},
pages = {421-434},
doi = {10.1080/13504851.2020.1854663},
URL = {https://doi.org/10.1007/s12122-020-09308-1},
eprint = {https://doi.org/10.1007/s12122-020-09308-1}
}


