@article{shakya2020county,
 title={{County Level Assessment of Prescription Drug Monitoring Program and Opioid Prescription Rate}},
 author={Shakya, Shishir},
 journal ={SSRN},
 url = {https://papers.ssrn.com/sol3/papers.cfm?abstract_id=3720242},
 year={2020}
}
