@article{Shakya2020VermontAbortion,
author = {Shishir   Shakya  and  Elham   Erfanian  and  Alexandre   Scarcioffolo},
title = {{The Political Economy of Vermontâ€™s Abortion Bill}},
journal = {Applied Economics Letters},
volume = {0},
number = {0},
pages = {1-5},
year  = {2020},
publisher = {Routledge},
doi = {10.1080/13504851.2020.1854663},
URL = {https://doi.org/10.1080/13504851.2020.1854663},
eprint = {https://doi.org/10.1080/13504851.2020.1854663}
}


