@TechReport{shakya2020HTEOPL,
 title={{Heterogeneous Treatment Effects of Medicaid and Efficient Policies: Evidence from the Oregon Health Insurance Experiment}},
 author={Shakya, Shishir},
 type ={Working Paper},
 url = {https://shishirshakya.github.io/files/Heterogeneous_Treatment_Effects_of_Medicaid_and_Efficient_Policies.pdf},
 year={2020}
}
