@article{Shakya2018IJGEI,
author = {Shakya, Shishir and Nepal, Rabindra and Sharma, Kishor},
title = {Electricity consumption and economic growth: empirical evidence from a resource-rich landlocked economy},
journal = {International Journal of Global Energy Issues},
volume = {41},
number = {5-6},
pages = {226-247},
year = {2018},
doi = {10.1504/IJGEI.2018.097139},
URL = {https://www.inderscienceonline.com/doi/abs/10.1504/IJGEI.2018.097139},
eprint = {https://www.inderscienceonline.com/doi/pdf/10.1504/IJGEI.2018.097139}    
}


