@TechReport{ShakyaMobariz2020,
author = {Shakya, Shishir and Mobariz, Ahmad Shah},
type = {Working Paper},
title = {{Does Gender-grade-gap Exist? Evidence from Administrative Data from Afghanistan}}},
url = {https://shishirshakya.github.io/files/Papers/Gender_Grade_Gap.pdf},
year = {2020}
}
