@TechReport{ShakyaSohag2020Crime,
author = {Shakya, Shishir and Sohag, Kazi},
type = {Working Paper},
title = {{Impact of Shale Boom on Crime among the Rural American States: Generalized Synthetic Control Approach}},
url = {https://shishirshakya.github.io/files/Papers/RuralCrimeShaleBoom.pdf},
year = {2020}
}