@article{Shakya2020PDMP,
author = {Shakya, Shishir},
journal = {SSRN},
title = {{Impact of Must-access Prescription Drug Monitoring Program on Prescription Opioid Overdose Death Rates}},
url = {https://papers.ssrn.com/sol3/papers.cfm?abstract_id=3720251},
year = {2020}
}