@article{Shakya_Lama_2016,
title={Possible Decision Rules to Allocate Quotas and Reservations to Ensure Equity for Nepalese Poor}, volume={17},
url={https://www.nepjol.info/index.php/EJDI/article/view/14525},
DOI={10.3126/ejdi.v17i1-2.14525},
number={1-2},
journal={Economic Journal of Development Issues},
author={Shakya, Shishir and Lama, Nabraj},
year={2016},
month={Feb.},
pages={149-162}
}