@TechReport{ShakyaLiEtienne2020,
author = {Shakya, Shishir and Li, Bingxin and Etienne, Xiaoli},
type = {Working Paper},
title = {{Shale Revolution, Oil and Gas Prices, and Drilling Activities in the United States},
url = {https://shishirshakya.github.io/files/Papers/ShaleBand.pdf},
year = {2020}
}