@TechReport{ShakyaPlemmons2020StartUp,
author = {Shakya, Shishir and Plemmons, Alicia},
type = {Working Paper},
title = {{Regional Institutional Quality and Job Creation among Early Startups in the United States}},
url = {https://shishirshakya.github.io/files/Papers/Startup_Early_Job_Creation.pdf},
year = {2020}
}